@manual{anleitung,
	author = {{A. Zwerger, S. Winkelmann, M. Köhli}},
	title = {Versuchsanleitung Fortgeschrittenen-Praktikum Teil I - Der Mößbauer-Effekt},
	date = {2012}
}

@article{Hall,

title = "Internal conversion coefficients in the decay of 57Co",

journal = "Nuclear Physics A",

volume = "91",

number = "3",

pages = "495 - 504",

year = "1967",

note = "",

issn = "0375-9474",

doi = "http://dx.doi.org/10.1016/0375-9474(67)90569-6",

url = "http://www.sciencedirect.com/science/article/pii/0375947467905696",

author = "D.C. Hall and R.G. Albridge",

keywords = "Radioactivity"

}

@book{jakobs,
	author = {Prof. K. Jakobs},
	title = {Experimentalphysik V - Kern- ud Teilchenphysik},
	date = {2015},
}
@book{morris,
	author = {Gary Morris},
	title = {Lecture Notes - Statistical Physics },
	date = {2013},
	url = {http://chate.phys.unsw.edu.au/~garymorriss/PHYS3020.html},
}
@online{PM,
	author = {DESY},
	title = {Praktikum im DESY Zeuthen},
	date = {2017},
	url = {https://www-zeuthen.desy.de/exps/physik_begreifen/chris/Photomultiplier.html},
}
@thesis{szinti,
	author = {Tobias Kotyk},
	title = {Versuche zur Radioaktivität im Physikalischen Fortgeschrittenen Praktikum an der Albert-Ludwigs-Universität Freiburg},
	type = {Staatsexamensarbeit},
	institution = {Institut für Mathematik und Physik, Albert-Ludwigs-Universität Freiburg},
	date = {2011},
}
@book{demtroeder,
	title={Experimentalphysik 4},
	author={Demtr{\"o}der, W.},
	isbn={9783642015984},
	series={Experimentalphysik / Wolfgang Demtr{\"o}der},
	url={https://books.google.de/books?id=50xTorK8Zx8C},
	year={2009},
	publisher={Springer Berlin Heidelberg}
}

@book{schatz,
	title={Nukleare Festkörperphysik},
	author={G. Schatz, A. Weidinger},
	year={1997},
	publisher={Universität Konstanz, Hahn-Meitner-Institut Berlin},
	edition={3}
}

@book{hyper,
	author = {T. Mayer-Kuckuk},
	title = {Kernphysik},
	date = {1994},
	edition = {6},
	publisher = {Teubner-Verlag},
	location = {Stuttgart},
}



@article{frauenfelder,
	author = {S. Margulies, P. Debrunner, H. Frauenfelder},
	title = {Transmission and Line Broadening in the Mössbauer Effect. II},
	journaltitle = {Nuclear Instruments and Methods},
	date = {1963},
	issue = {21},
	pages = {217-231},
}
